<record><leader>00000cas a22000007a 4500</leader><controlfield tag="001">26205938</controlfield><controlfield tag="008">920717d19041907wyuwr ne      0    0eng d</controlfield><controlfield tag="009">14262</controlfield><datafield ind1=" " ind2=" " tag="010"><subfield code="a">sn 92067128 </subfield></datafield><datafield ind1=" " ind2=" " tag="040"><subfield code="a">NVO</subfield><subfield code="b">eng</subfield><subfield code="c">NVO</subfield><subfield code="d">OCLCQ</subfield></datafield><datafield ind1=" " ind2=" " tag="042"><subfield code="a">msc</subfield></datafield><datafield ind1="0" ind2="4" tag="245"><subfield code="a">The Lander clipper.</subfield></datafield><datafield ind1=" " ind2=" " tag="260"><subfield code="a">Lander, Fremont County, Wyo. :</subfield><subfield code="b">F.S. Smith</subfield></datafield><datafield ind1=" " ind2=" " tag="300"><subfield code="a">v.</subfield></datafield><datafield ind1=" " ind2=" " tag="310"><subfield code="a">Weekly</subfield></datafield><datafield ind1="0" ind2=" " tag="362"><subfield code="a">Vol. 17, no. 23 (Feb. 5, 1904)-v. 20, no. 31 (Apr. 5, 1907).</subfield></datafield><datafield ind1=" " ind2=" " tag="515"><subfield code="a">Issues for Sept. 21-Oct. 19, 1906 called: Vol. 20, no. 4.</subfield></datafield><datafield ind1=" " ind2="4" tag="651"><subfield code="a">Lander (Wyo.)</subfield><subfield code="v">Newspapers.</subfield></datafield><datafield ind1=" " ind2="4" tag="651"><subfield code="a">Fremont County (Wyo.)</subfield><subfield code="v">Newspapers.</subfield></datafield><datafield ind1=" " ind2=" " tag="752"><subfield code="a">United States</subfield><subfield code="b">Wyoming</subfield><subfield code="c">Fremont</subfield><subfield code="d">Lander.</subfield></datafield><datafield ind1="0" ind2="0" tag="780"><subfield code="t">Clipper (Lander, Wyo.)</subfield><subfield code="w">(DLC)sn 92067108</subfield></datafield><datafield ind1="0" ind2="0" tag="785"><subfield code="t">Wyoming state journal and Lander clipper</subfield><subfield code="w">(DLC)sn 92067129</subfield></datafield></record>